@misc{agile,
  author    = "{M. Beedle et al.}",
  title     = "{Manifesto for Agile Software Development}",
  year      = 2001,
  url       = {http://agilemanifesto.org}
}

@techreport{iso25010,
  type = {Standard},
  key = {ISO/IEC 25010:2011},
  month = mar,
  year = {2011},
  title = {{Systems and software engineering -- Systems and software Quality Requirements and Evaluation (SQuaRE) -- System and software quality models}},
  volume = {2011},
  address = {Geneva, CH},
  institution = {International Organization for Standardization}
}

@article{conway1968,
  author = {Conway, Melvin E.},
  biburl = {https://www.bibsonomy.org/bibtex/260be723ddb457dfd5469263a0abd8029/mschuber},
  journal = {Datamation},
  month = {April},
  title = {How Do Committees Invent?},
  url = {http://www.melconway.com/research/committees.html},
  year = 1968
}

@book{VandB,
 author = {Garlan, David and Bachmann, Felix and Ivers, James and Stafford, Judith and Bass, Len and Clements, Paul and Merson, Paulo},
 title = {Documenting Software Architectures: Views and Beyond},
 year = {2010},
 isbn = {0321552687, 9780321552686},
 edition = {2nd},
 publisher = {Addison-Wesley Professional},
} 