

@misc{agile,
  author    = {M. {Beedle} et al.},
  title     = "{Manifesto for Agile Software Development}",
  url       = {http://agilemanifesto.org}
}

@INTECHREPORT{iso25010,
  title       = "{ISO/IEC 25010:2011 Systems and software engineering -- Systems and software Quality Requirements and Evaluation (SQuaRE) -- System and software quality models}",
  institution = {International Standards Organisation/International Electrotechnical Commission},
  year        = 2011,
  url         = {https://www.iso.org/standard/35733.html}
}

@misc{epics_areadetector,
  author    = {M. {Rivers}},
  title     = "{areaDetector: EPICS software for area detectors\\}",
  institution= {University of Chicago},
  url       = {http://cars9.uchicago.edu/software/epics/areaDetector.html}
}

@book{KakAndSlaney,
  author={{Kak}, A.C. and {Slaney}, M.},
  title="{Principles of Computerized Tomographic Imaging}",
  publisher={IEEE Press},
  year=1988
}

@article{GordonEtAl,
  author={{Gordon}, R. and {Bender}, R. and {Herman}, G.T.},
  title="{Radiation dose from single-heartbeat coronary ct angiography performed with a 320-detector row volume scanner}",
  journal="Journal of Theoretical Biology",
  volume=29,
  number=3,
  pages=471,
  year=1970
}

@article{Titarenko:bf5027,
author = "Titarenko, Valeriy and Titarenko, Sofya and Withers, Philip J. and De Carlo, Francesco and Xiao, Xianghui",
title = "{Improved tomographic reconstructions using adaptive~time-dependent intensity normalization}",
journal = "Journal of Synchrotron Radiation",
year = "2010",
volume = "17",
number = "5",
pages = "689--699",
month = "Sep",
doi = {10.1107/S0909049510024908},
url = {http://dx.doi.org/10.1107/S0909049510024908},
}

@misc{lustre,
    url = {http://www.lustre.org}
}

@misc{gpfs,
    url = {http://www.ibm.com/systems/software/gpfs/}
}

@misc{ior,
  author    = {{Loewe}, W. and {McLarty}, T. and {Morrone}, C and {Klundt}, R},
  title     = "{IOR - Parallel filesystem I/O benchmark}",
  institution= {Lawrence Livermore National Laboratory},
  url       = {https://github.com/chaos/ior}
}

@misc{mdtest,
  author    = {{Morrone}, C and {Loewe}, W. and {McLarty}, T. and {Klundt}, R},
  title     = "{mdtest HPC benchmark}",
  institution= {Lawrence Livermore National Laboratory},
  url       = {http://sourceforge.net/projects/mdtest/}
}

@inproceedings{excalibur,
  author    = {J.A.~{Thompson} and I.~{Horswell} and J.~{Marshal} and U.K.~{Pedersen} and S.~{Burge} and J.D.~{Lipp} and ~T.{Nicholls}},
  title     = "{Controlling the EXCALIBUR Detector}",
  booktitle = {Proceedings of ICALEPCS2011},
  year      = 2011,
  url       = {http://accelconf.web.cern.ch/accelconf/icalepcs2011/papers/wepmn011.pdf}
}

@techreport{lustrehdf,
  author      = {{Howison}, H and ~{Koziol}, Q. and ~{Knaak},D. and ~{Mainzer}, J. and ~{Shalf},J.},
  title       = "{Tuning HDF5 for Lustre File Systems}",
  institution = {The HDF Group},
  year        = 2010,
  url         = {http://www.hdfgroup.org/pubs/papers/}
}

@inproceedings{lustregpfsposter,
  author    = {R.~{Hedges}, K.~{Fitzgerald}, M.~{Gary} and D.M.~{Stearman}},
  title     = "{Comparison of leading parallel NAS file systems on commodity hardware}",
  booktitle = {5th Petascale Data Storage Workshop},
  year      = 2010,
  url       = {http://www.pdsi-scidac.org/events/PDSW10/resources/posters/parallelNASFSs.pdf}
}

@techreport{lustregpfspaper,
  author    = {R.~{Hedges}, K.~{Fitzgerald}, M.~{Gary} and D.M.~{Stearman}},
  title     = "{Comparison of leading parallel NAS file systems on commodity hardware}",
  institution= {Lawrence Livermore National Laboratory},
  year      = 2010,
  url       = {https://e-reports-ext.llnl.gov/pdf/457620.pdf}
}

@ARTICLE{2009MNRAS.399.1026B,
   author = {{Buckle}, J.~V. and {Hills}, R.~E. and {Smith}, H. and {Dent}, W.~R.~F. and 
	{Bell}, G. and {Curtis}, E.~I. and {Dace}, R. and {Gibson}, H. and 
	{Graves}, S.~F. and {Leech}, J. and {Richer}, J.~S. and {Williamson}, R. and 
	{Withington}, S. and {Yassin}, G. and {Bennett}, R. and {Hastings}, P. and 
	{Laidlaw}, I. and {Lightfoot}, J.~F. and {Burgess}, T. and {Dewdney}, P.~E. and 
	{Hovey}, G. and {Willis}, A.~G. and {Redman}, R. and {Wooff}, B. and 
	{Berry}, D.~S. and {Cavanagh}, B. and {Davis}, G.~R. and {Dempsey}, J. and 
	{Friberg}, P. and {Jenness}, T. and {Kackley}, R. and {Rees}, N.~P. and 
	{Tilanus}, R. and {Walther}, C. and {Zwart}, W. and {Klapwijk}, T.~M. and 
	{Kroug}, M. and {Zijlstra}, T.},
    title = "{HARP/ACSIS: a submillimetre spectral imaging system on the James Clerk Maxwell Telescope}",
  journal = {\mnras},
archivePrefix = "arXiv",
   eprint = {0907.3610},
 primaryClass = "astro-ph.IM",
 keywords = {instrumentation: detectors , instrumentation: spectrographs , methods: observational , techniques: image processing , techniques: spectroscopic , submillimetre},
     year = 2009,
    month = oct,
   volume = 399,
    pages = {1026-1043},
      doi = {10.1111/j.1365-2966.2009.15347.x},
   adsurl = {http://adsabs.harvard.edu/abs/2009MNRAS.399.1026B},
  adsnote = {Provided by the SAO/NASA Astrophysics Data System}
}

@ARTICLE{2007A&A...467..777C,
   author = {{Casali}, M. and {Adamson}, A. and {Alves de Oliveira}, C. and 
	{Almaini}, O. and {Burch}, K. and {Chuter}, T. and {Elliot}, J. and 
	{Folger}, M. and {Foucaud}, S. and {Hambly}, N. and {Hastie}, M. and 
	{Henry}, D. and {Hirst}, P. and {Irwin}, M. and {Ives}, D. and 
	{Lawrence}, A. and {Laidlaw}, K. and {Lee}, D. and {Lewis}, J. and 
	{Lunney}, D. and {McLay}, S. and {Montgomery}, D. and {Pickup}, A. and 
	{Read}, M. and {Rees}, N. and {Robson}, I. and {Sekiguchi}, K. and 
	{Vick}, A. and {Warren}, S. and {Woodward}, B.},
    title = "{The UKIRT wide-field camera}",
  journal = {\aap},
 keywords = {instrumentation: miscellaneous, infrared: general},
     year = 2007,
    month = may,
   volume = 467,
    pages = {777-784},
      doi = {10.1051/0004-6361:20066514},
   adsurl = {http://adsabs.harvard.edu/abs/2007A%26A...467..777C},
  adsnote = {Provided by the SAO/NASA Astrophysics Data System}
}

@INPROCEEDINGS{2004SPIE.5496..718K,
   author = {{Kackley}, R.~D. and {Rees}, N.~P. and {Walther}, C. and {Jenness}, T.
	},
    title = "{The JCMT observing queue and recipe sequencer}",
booktitle = {Society of Photo-Optical Instrumentation Engineers (SPIE) Conference Series},
     year = 2004,
   series = {Society of Photo-Optical Instrumentation Engineers (SPIE) Conference Series},
   volume = 5496,
   editor = {{Lewis}, H. and {Raffi}, G.},
    month = sep,
    pages = {718-728},
      doi = {10.1117/12.550646},
   adsurl = {http://adsabs.harvard.edu/abs/2004SPIE.5496..718K},
  adsnote = {Provided by the SAO/NASA Astrophysics Data System}
}

@INPROCEEDINGS{2003SPIE.4841..901R,
   author = {{Roche}, P.~F. and {Lucas}, P.~W. and {Mackay}, C.~D. and {Ettedgui-Atad}, E. and 
	{Hastings}, P.~R. and {Bridger}, A. and {Rees}, N.~P. and {Leggett}, S.~K. and 
	{Davis}, C. and {Holmes}, A.~R. and {Handford}, T.},
    title = "{UFTI: the 0.8 - 2.5 {$\mu$}m fast track imager for the UK infrared telescope}",
booktitle = {Society of Photo-Optical Instrumentation Engineers (SPIE) Conference Series},
     year = 2003,
   series = {Society of Photo-Optical Instrumentation Engineers (SPIE) Conference Series},
   volume = 4841,
   editor = {{Iye}, M. and {Moorwood}, A.~F.~M.},
    month = mar,
    pages = {901-912},
      doi = {10.1117/12.460987},
   adsurl = {http://adsabs.harvard.edu/abs/2003SPIE.4841..901R},
  adsnote = {Provided by the SAO/NASA Astrophysics Data System}
}

@INPROCEEDINGS{2003SPIE.4841...63H,
   author = {{Henry}, D.~M. and {Casali}, M.~M. and {Montgomery}, D. and 
	{Burch}, K. and {Laidlaw}, K. and {Ives}, D.~J. and {Vick}, A.~J.~A. and 
	{Bridger}, A. and {Lunney}, D. and {Adamson}, A.~J. and {Rees}, N.~P. and 
	{Chylek}, T. and {Chuter}, T.~C.},
    title = "{Design status of WFCAM: a wide field camera for the UK infrared telescope}",
booktitle = {Society of Photo-Optical Instrumentation Engineers (SPIE) Conference Series},
     year = 2003,
   series = {Society of Photo-Optical Instrumentation Engineers (SPIE) Conference Series},
   volume = 4841,
   editor = {{Iye}, M. and {Moorwood}, A.~F.~M.},
    month = mar,
    pages = {63-71},
      doi = {10.1117/12.457204},
   adsurl = {http://adsabs.harvard.edu/abs/2003SPIE.4841...63H},
  adsnote = {Provided by the SAO/NASA Astrophysics Data System}
}

@INPROCEEDINGS{2003SPIE.4855..338S,
   author = {{Smith}, H. and {Hills}, R.~E. and {Withington}, S. and {Richer}, J. and 
	{Leech}, J. and {Williamson}, R. and {Gibson}, H. and {Dace}, R. and 
	{Ananthasubramanian}, P.~G. and {Barker}, R.~W. and {Baldwin}, R. and 
	{Stevenson}, H. and {Doherty}, P. and {Molloy}, D. and {Quy}, V. and 
	{Lush}, C. and {Hales}, S. and {Dent}, W.~R.~F. and {Pain}, I. and 
	{Wall}, R. and {Hastings}, P.~R. and {Graham}, B. and {Baillie}, T.~E.~C. and 
	{Laidlaw}, K. and {Bennett}, R.~J. and {Laidlaw}, I. and {Duncan}, W. and 
	{Ellis}, M.~A. and {Redman}, R.~O. and {Wooff}, R. and {Yeung}, K.~K. and 
	{Fitzsimmons}, J.~T. and {Avery}, L. and {Derdall}, D. and {Josephson}, D. and 
	{Anthony}, A. and {Atwal}, R. and {Chylek}, T. and {Shutt}, D.~J. and 
	{Friberg}, P. and {Rees}, N.~P. and {Philips}, R. and {Kroug}, M. and 
	{Klapwijk}, T.~M. and {Zijlstra}, T.},
    title = "{HARP-B: a 350-GHz 16-element focal plane array for the James Clerk Maxwell telescope}",
booktitle = {Society of Photo-Optical Instrumentation Engineers (SPIE) Conference Series},
     year = 2003,
   series = {Society of Photo-Optical Instrumentation Engineers (SPIE) Conference Series},
   volume = 4855,
   editor = {{Phillips}, T.~G. and {Zmuidzinas}, J.},
    month = feb,
    pages = {338-348},
      doi = {10.1117/12.459674},
   adsurl = {http://adsabs.harvard.edu/abs/2003SPIE.4855..338S},
  adsnote = {Provided by the SAO/NASA Astrophysics Data System}
}

@INPROCEEDINGS{2002SPIE.4848..283R,
   author = {{Rees}, N.~P. and {Economou}, F. and {Jenness}, T. and {Kackley}, R.~D. and 
	{Walther}, C.~A. and {Dent}, W.~R.~F. and {Folger}, M. and {Gao}, X. and 
	{Kelly}, D. and {Lightfoot}, J.~F. and {Pain}, I. and {Hovey}, G.~J. and 
	{Redman}, R.~O.},
    title = "{JCMT observatory control system}",
booktitle = {Society of Photo-Optical Instrumentation Engineers (SPIE) Conference Series},
     year = 2002,
   series = {Society of Photo-Optical Instrumentation Engineers (SPIE) Conference Series},
   volume = 4848,
   editor = {{Lewis}, H.},
    month = dec,
    pages = {283-293},
      doi = {10.1117/12.461306},
   adsurl = {http://adsabs.harvard.edu/abs/2002SPIE.4848..283R},
  adsnote = {Provided by the SAO/NASA Astrophysics Data System}
}

@INPROCEEDINGS{2002SPIE.4848..271K,
   author = {{Kackley}, R.~D. and {Rees}, N.~P. and {Bailey}, J.~A.},
    title = "{JCMT/UKIRT Telescope Control System}",
booktitle = {Society of Photo-Optical Instrumentation Engineers (SPIE) Conference Series},
     year = 2002,
   series = {Society of Photo-Optical Instrumentation Engineers (SPIE) Conference Series},
   volume = 4848,
   editor = {{Lewis}, H.},
    month = dec,
    pages = {271-282},
      doi = {10.1117/12.461562},
   adsurl = {http://adsabs.harvard.edu/abs/2002SPIE.4848..271K},
  adsnote = {Provided by the SAO/NASA Astrophysics Data System}
}

@INPROCEEDINGS{2002SPIE.4844..366S,
   author = {{Seigar}, M.~S. and {Adamson}, A.~J. and {Rees}, N.~P. and {Hawarden}, T.~G. and 
	{Currie}, M.~J. and {Chuter}, T.~C.},
    title = "{Seeing statistics at the upgraded 3.8m UK Infrared Telescope (UKIRT)}",
booktitle = {Society of Photo-Optical Instrumentation Engineers (SPIE) Conference Series},
     year = 2002,
   series = {Society of Photo-Optical Instrumentation Engineers (SPIE) Conference Series},
   volume = 4844,
   eprint = {arXiv:astro-ph/0208448},
   editor = {{Quinn}, P.~J.},
    month = dec,
    pages = {366-375},
      doi = {10.1117/12.460604},
   adsurl = {http://adsabs.harvard.edu/abs/2002SPIE.4844..366S},
  adsnote = {Provided by the SAO/NASA Astrophysics Data System}
}

@INPROCEEDINGS{2002SPIE.4844..321E,
   author = {{Economou}, F. and {Jenness}, T. and {Rees}, N.~P.},
    title = "{Sharing code and support between heterogeneous telescopes: the UKIRT and JCMT joint software projects}",
booktitle = {Society of Photo-Optical Instrumentation Engineers (SPIE) Conference Series},
     year = 2002,
   series = {Society of Photo-Optical Instrumentation Engineers (SPIE) Conference Series},
   volume = 4844,
   editor = {{Quinn}, P.~J.},
    month = dec,
    pages = {321-330},
      doi = {10.1117/12.460642},
   adsurl = {http://adsabs.harvard.edu/abs/2002SPIE.4844..321E},
  adsnote = {Provided by the SAO/NASA Astrophysics Data System}
}

@INPROCEEDINGS{2002ASPC..281..500R,
   author = {{Rees}, N. and {Economou}, F. and {Jenness}, T. and {Kackley}, R. and 
	{Walther}, C. and {Dent}, B. and {Folger}, M. and {Gao}, X. and 
	{Kelly}, D. and {Lightfoot}, J. and {Pain}, I. and {Hovey}, G. and 
	{Willis}, T. and {Redman}, R.},
    title = "{The JCMT Observatory Control System}",
 keywords = {XML, software: architecture},
booktitle = {Astronomical Data Analysis Software and Systems XI},
     year = 2002,
   series = {Astronomical Society of the Pacific Conference Series},
   volume = 281,
   editor = {{Bohlender}, D.~A. and {Durand}, D. and {Handley}, T.~H.},
    pages = {500},
   adsurl = {http://adsabs.harvard.edu/abs/2002ASPC..281..500R},
  adsnote = {Provided by the SAO/NASA Astrophysics Data System}
}

@INPROCEEDINGS{2002ASPC..281..355H,
   author = {{Hovey}, G.~J. and {Dewdney}, P.~E. and {Redman}, R.~O. and 
	{Willis}, A.~G. and {Kelly}, B.~D. and {Gao}, X. and {Lightfoot}, J.~F. and 
	{Dent}, W.~R.~F. and {Rees}, N.~P. and {Friberg}, P. and {Prestage}, R.~M.
	},
    title = "{Co-ordinating and Synchronizing Instruments for a Real-time Distributed Reduction System}",
 keywords = {astronomy: synchronization Beowulf astronomy-instrument sequencing},
booktitle = {Astronomical Data Analysis Software and Systems XI},
     year = 2002,
   series = {Astronomical Society of the Pacific Conference Series},
   volume = 281,
   editor = {{Bohlender}, D.~A. and {Durand}, D. and {Handley}, T.~H.},
    pages = {355},
   adsurl = {http://adsabs.harvard.edu/abs/2002ASPC..281..355H},
  adsnote = {Provided by the SAO/NASA Astrophysics Data System}
}

@INPROCEEDINGS{2001ASPC..238..137W,
   author = {{Wright}, G.~S. and {Bridger}, A.~B. and {Pickup}, D.~A. and 
	{Tan}, M. and {Folger}, M. and {Economou}, F. and {Adamson}, A.~J. and 
	{Currie}, M.~J. and {Rees}, N.~P. and {Purves}, M. and {Kackley}, R.~D.
	},
    title = "{An Observer's View of the ORAC System at UKIRT}",
booktitle = {Astronomical Data Analysis Software and Systems X},
     year = 2001,
   series = {Astronomical Society of the Pacific Conference Series},
   volume = 238,
   editor = {{Harnden}, Jr., F.~R. and {Primini}, F.~A. and {Payne}, H.~E.
	},
    pages = {137},
   adsurl = {http://adsabs.harvard.edu/abs/2001ASPC..238..137W},
  adsnote = {Provided by the SAO/NASA Astrophysics Data System}
}

@INPROCEEDINGS{2001ASPC..238...93S,
   author = {{Smith}, I.~A. and {Baas}, F. and {Olivera}, F. and {Rees}, N.~P. and 
	{Dabrowski}, Y. and {Hills}, R. and {Richer}, J. and {Smith}, H. and 
	{Ellison}, B.},
    title = "{The New JCMT Holographic Surface Mapping System - Implementation}",
booktitle = {Astronomical Data Analysis Software and Systems X},
     year = 2001,
   series = {Astronomical Society of the Pacific Conference Series},
   volume = 238,
   editor = {{Harnden}, Jr., F.~R. and {Primini}, F.~A. and {Payne}, H.~E.
	},
    pages = {93},
   adsurl = {http://adsabs.harvard.edu/abs/2001ASPC..238...93S},
  adsnote = {Provided by the SAO/NASA Astrophysics Data System}
}

@INPROCEEDINGS{2000SPIE.4004..104H,
   author = {{Hawarden}, T.~G. and {Adamson}, A.~J. and {Chuter}, T.~C. and 
	{Rees}, N.~P. and {Massey}, R.~J. and {Cavedoni}, C.~P. and 
	{Atad-Ettedgui}, E.},
    title = "{Thermal performance and facility seeing at the upgraded 3.8-m UK Infrared Telescope (UKIRT)}",
booktitle = {Society of Photo-Optical Instrumentation Engineers (SPIE) Conference Series},
     year = 2000,
   series = {Society of Photo-Optical Instrumentation Engineers (SPIE) Conference Series},
   volume = 4004,
   editor = {{Sebring}, T.~A. and {Andersen}, T.},
    month = aug,
    pages = {104-114},
   adsurl = {http://adsabs.harvard.edu/abs/2000SPIE.4004..104H},
  adsnote = {Provided by the SAO/NASA Astrophysics Data System}
}

@INPROCEEDINGS{2000SPIE.4009..227B,
   author = {{Bridger}, A. and {Wright}, G.~S. and {Economou}, F. and {Tan}, M. and 
	{Currie}, M.~J. and {Pickup}, D.~A. and {Adamson}, A.~J. and 
	{Rees}, N.~P. and {Purves}, M. and {Kackley}, R.},
    title = "{ORAC: a modern observing system for UKIRT}",
booktitle = {Society of Photo-Optical Instrumentation Engineers (SPIE) Conference Series},
     year = 2000,
   series = {Society of Photo-Optical Instrumentation Engineers (SPIE) Conference Series},
   volume = 4009,
   editor = {{Lewis}, H.},
    month = jun,
    pages = {227-238},
   adsurl = {http://adsabs.harvard.edu/abs/2000SPIE.4009..227B},
  adsnote = {Provided by the SAO/NASA Astrophysics Data System}
}

@INPROCEEDINGS{2000ASPC..216..467B,
   author = {{Bridger}, A. and {Wright}, G.~S. and {Tan}, M. and {Pickup}, D.~A. and 
	{Economou}, F. and {Currie}, M.~J. and {Adamson}, A.~J. and 
	{Rees}, N.~P. and {Purves}, M.~H.},
    title = "{ORAC: 21st Century Observing at UKIRT}",
booktitle = {Astronomical Data Analysis Software and Systems IX},
     year = 2000,
   series = {Astronomical Society of the Pacific Conference Series},
   volume = 216,
   editor = {{Manset}, N. and {Veillet}, C. and {Crabtree}, D.},
    pages = {467},
   adsurl = {http://adsabs.harvard.edu/abs/2000ASPC..216..467B},
  adsnote = {Provided by the SAO/NASA Astrophysics Data System}
}

@INPROCEEDINGS{2000ASPC..216..279Y,
   author = {{Yang}, Y. and {Rees}, N.~P. and {Chuter}, T.},
    title = "{Application of a Kalman Filter at UKIRT}",
booktitle = {Astronomical Data Analysis Software and Systems IX},
     year = 2000,
   series = {Astronomical Society of the Pacific Conference Series},
   volume = 216,
   editor = {{Manset}, N. and {Veillet}, C. and {Crabtree}, D.},
    pages = {279},
   adsurl = {http://adsabs.harvard.edu/abs/2000ASPC..216..279Y},
  adsnote = {Provided by the SAO/NASA Astrophysics Data System}
}

@INPROCEEDINGS{1999SPIE.3785..152R,
   author = {{Rohloff}, R.-R. and {Pitz}, E. and {Hawarden}, T.~G. and {Rees}, N.~P. and 
	{Atad-Ettedgui}, E. and {Kaufmann}, H.~W. and {Schmadel}, L.
	},
    title = "{Lightweighted secondary mirror for the United Kingdom Infrared Telescope}",
booktitle = {Society of Photo-Optical Instrumentation Engineers (SPIE) Conference Series},
     year = 1999,
   series = {Society of Photo-Optical Instrumentation Engineers (SPIE) Conference Series},
   volume = 3785,
   editor = {{Roybal}, W.},
    month = oct,
    pages = {152-159},
   adsurl = {http://adsabs.harvard.edu/abs/1999SPIE.3785..152R},
  adsnote = {Provided by the SAO/NASA Astrophysics Data System}
}

@INPROCEEDINGS{1999SPIE.3785...82H,
   author = {{Hawarden}, T.~G. and {Rees}, N.~P. and {Chuter}, T.~C. and 
	{Chrysostomou}, A.~C. and {Cavedoni}, C.~P. and {Rohloff}, R.-R. and 
	{Pitz}, E. and {Pettie}, D.~G. and {Bennett}, R.~J. and {Atad-Ettedgui}, E.
	},
    title = "{Postupgrade performance of the 3.8-m United Kingdom Infrared Telescope (UKIRT)}",
booktitle = {Society of Photo-Optical Instrumentation Engineers (SPIE) Conference Series},
     year = 1999,
   series = {Society of Photo-Optical Instrumentation Engineers (SPIE) Conference Series},
   volume = 3785,
   editor = {{Roybal}, W.},
    month = oct,
    pages = {82-93},
   adsurl = {http://adsabs.harvard.edu/abs/1999SPIE.3785...82H},
  adsnote = {Provided by the SAO/NASA Astrophysics Data System}
}

@INPROCEEDINGS{1998SPIE.3352..446C,
   author = {{Chrysostomou}, A.~C. and {Rees}, N.~P. and {Hawarden}, T.~G. and 
	{Chuter}, T.~C. and {Cavedoni}, C.~P. and {Pettie}, D.~G. and 
	{Bennett}, R.~J. and {Ettedgui-Atad}, E. and {Humphries}, C.~M. and 
	{Mack}, B.},
    title = "{Active optics at UKIRT}",
booktitle = {Society of Photo-Optical Instrumentation Engineers (SPIE) Conference Series},
     year = 1998,
   series = {Society of Photo-Optical Instrumentation Engineers (SPIE) Conference Series},
   volume = 3352,
   editor = {{Stepp}, L.~M.},
    month = aug,
    pages = {446-451},
   adsurl = {http://adsabs.harvard.edu/abs/1998SPIE.3352..446C},
  adsnote = {Provided by the SAO/NASA Astrophysics Data System}
}

@INPROCEEDINGS{1998SPIE.3352...52H,
   author = {{Hawarden}, T.~G. and {Rees}, N.~P. and {Cavedoni}, C.~P. and 
	{Chuter}, T.~C. and {Chrysostomou}, A.~C. and {Pettie}, D.~G. and 
	{Bennett}, R.~J. and {Ettedgui-Atad}, E. and {Harris}, J.~W. and 
	{Mack}, B. and {Pitz}, E. and {Glindemann}, A. and {Hippler}, S. and 
	{Rohloff}, R.-R. and {Wagner}, K.},
    title = "{Upgraded UKIRT}",
booktitle = {Society of Photo-Optical Instrumentation Engineers (SPIE) Conference Series},
     year = 1998,
   series = {Society of Photo-Optical Instrumentation Engineers (SPIE) Conference Series},
   volume = 3352,
   editor = {{Stepp}, L.~M.},
    month = aug,
    pages = {52-61},
   adsurl = {http://adsabs.harvard.edu/abs/1998SPIE.3352...52H},
  adsnote = {Provided by the SAO/NASA Astrophysics Data System}
}

@INPROCEEDINGS{1998ASPC..145..196E,
   author = {{Economou}, F. and {Bridger}, A. and {Wright}, G.~S. and {Rees}, N.~P. and 
	{Jenness}, T.},
    title = "{The Future of Data Reduction at UKIRT}",
booktitle = {Astronomical Data Analysis Software and Systems VII},
     year = 1998,
   series = {Astronomical Society of the Pacific Conference Series},
   volume = 145,
   editor = {{Albrecht}, R. and {Hook}, R.~N. and {Bushouse}, H.~A.},
    pages = {196},
   adsurl = {http://adsabs.harvard.edu/abs/1998ASPC..145..196E},
  adsnote = {Provided by the SAO/NASA Astrophysics Data System}
}

@INPROCEEDINGS{1997SPIE.3112..296B,
   author = {{Balius}, A. and {Rees}, N.~P.},
    title = "{UKIRT fast guide system improvements}",
booktitle = {Society of Photo-Optical Instrumentation Engineers (SPIE) Conference Series},
     year = 1997,
   series = {Society of Photo-Optical Instrumentation Engineers (SPIE) Conference Series},
   volume = 3112,
   editor = {{Lewis}, H.},
    month = sep,
    pages = {296-307},
   adsurl = {http://adsabs.harvard.edu/abs/1997SPIE.3112..296B},
  adsnote = {Provided by the SAO/NASA Astrophysics Data System}
}

@INPROCEEDINGS{1997SPIE.2871..256H,
   author = {{Hawarden}, T.~G. and {Cavedoni}, C.~P. and {Chuter}, T.~C. and 
	{Look}, I.~A. and {Rees}, N.~P. and {Pettie}, D.~G. and {Bennett}, R.~J. and 
	{Atad}, E. and {Harris}, J.~W. and {Humphries}, C.~M. and {Mack}, B. and 
	{Pitz}, E. and {Glindemann}, A. and {Hippler}, S. and {Rohloff}, R.-R. and 
	{Wagner}, K.},
    title = "{Progress of the UKIRT Upgrades Program}",
booktitle = {Society of Photo-Optical Instrumentation Engineers (SPIE) Conference Series},
     year = 1997,
   series = {Society of Photo-Optical Instrumentation Engineers (SPIE) Conference Series},
   volume = 2871,
   editor = {{Ardeberg}, A.~L.},
    month = mar,
    pages = {256-266},
   adsurl = {http://adsabs.harvard.edu/abs/1997SPIE.2871..256H},
  adsnote = {Provided by the SAO/NASA Astrophysics Data System}
}

@INPROCEEDINGS{1997SPIE.3112....2R,
   author = {{Rees}, N. and {Hippler}, S.},
    title = "{Progress on the UKIRT Upgrades programme}",
 keywords = {INFRARED TELESCOPES, PERFORMANCE PREDICTION, TECHNOLOGY ASSESSMENT, ABERRATION, UNITED KINGDOM, SPACE PROGRAMS},
booktitle = {Society of Photo-Optical Instrumentation Engineers (SPIE) Conference Series},
     year = 1997,
   series = {Society of Photo-Optical Instrumentation Engineers (SPIE) Conference Series},
   volume = 3112,
   editor = {{Lewis}, H.},
    month = jan,
    pages = {2-8},
   adsurl = {http://adsabs.harvard.edu/abs/1997SPIE.3112....2R},
  adsnote = {Provided by the SAO/NASA Astrophysics Data System}
}

@INPROCEEDINGS{1995SPIE.2479....2R,
   author = {{Rees}, N.~P. and {Hippler}, S.},
    title = "{Controlling the UKIRT upgrades program}",
booktitle = {Society of Photo-Optical Instrumentation Engineers (SPIE) Conference Series},
     year = 1995,
   series = {Society of Photo-Optical Instrumentation Engineers (SPIE) Conference Series},
   volume = 2479,
   editor = {{Wallace}, P.~T.},
    month = jun,
    pages = {2-10},
   adsurl = {http://adsabs.harvard.edu/abs/1995SPIE.2479....2R},
  adsnote = {Provided by the SAO/NASA Astrophysics Data System}
}

@ARTICLE{1995MNRAS.274..447H,
   author = {{Hales}, S.~E.~G. and {Waldram}, E.~M. and {Rees}, N. and {Warner}, P.~J.
	},
    title = "{A revised machine-readable source list for the Rees 38-MHz survey}",
  journal = {\mnras},
 keywords = {CATALOGUES, SURVEYS, RADIO CONTINUUM: GENERAL},
     year = 1995,
    month = may,
   volume = 274,
    pages = {447-451},
   adsurl = {http://adsabs.harvard.edu/abs/1995MNRAS.274..447H},
  adsnote = {Provided by the SAO/NASA Astrophysics Data System}
}

@ARTICLE{1994yCat.8031....0H,
   author = {{Hales}, S.~E.~G. and {Waldram}, E.~M. and {Rees}, N. and {Warner}, P.~J.
	},
    title = "{Revised source list for the Rees 38-MHz survey (Hales+ 1995)}",
  journal = {VizieR Online Data Catalog},
 keywords = {Radio sources, Surveys, Atlases},
     year = 1994,
    month = nov,
   volume = 8031,
    pages = {0},
   adsurl = {http://adsabs.harvard.edu/abs/1994yCat.8031....0H},
  adsnote = {Provided by the SAO/NASA Astrophysics Data System}
}

@INPROCEEDINGS{1994SPIE.2199..824G,
   author = {{Glindemann}, A. and {Rees}, N.~P.},
    title = "{Photon counting versus CCD sensors for wavefront sensing: performance comparison in the presence of noise}",
booktitle = {Society of Photo-Optical Instrumentation Engineers (SPIE) Conference Series},
     year = 1994,
   series = {Society of Photo-Optical Instrumentation Engineers (SPIE) Conference Series},
   volume = 2199,
   editor = {{Stepp}, L.~M.},
    month = jun,
    pages = {824-834},
   adsurl = {http://adsabs.harvard.edu/abs/1994SPIE.2199..824G},
  adsnote = {Provided by the SAO/NASA Astrophysics Data System}
}

@INPROCEEDINGS{1994SPIE.2199..494H,
   author = {{Hawarden}, T.~G. and {Cavedoni}, C.~P. and {Rees}, N.~P. and 
	{Chuter}, T.~C. and {Pettie}, D.~G. and {Humphries}, C.~M. and 
	{Bennett}, R.~J. and {Etad}, E. and {Harris}, J.~W. and {Mack}, B. and 
	{Pitz}, E. and {Glindemann}, A. and {Rohloff}, R.-R.},
    title = "{UKIRT upgrades program: preparing for the 21st century}",
booktitle = {Society of Photo-Optical Instrumentation Engineers (SPIE) Conference Series},
     year = 1994,
   series = {Society of Photo-Optical Instrumentation Engineers (SPIE) Conference Series},
   volume = 2199,
   editor = {{Stepp}, L.~M.},
    month = jun,
    pages = {494-503},
   adsurl = {http://adsabs.harvard.edu/abs/1994SPIE.2199..494H},
  adsnote = {Provided by the SAO/NASA Astrophysics Data System}
}

@INPROCEEDINGS{1994ESOC...48..273G,
   author = {{Glindemann}, A. and {Rees}, N.},
    title = "{UKIRT 5-Axis Tip-Tilt Secondary - Wavefront Sensor Simulations}",
booktitle = {European Southern Observatory Conference and Workshop Proceedings},
     year = 1994,
   series = {European Southern Observatory Conference and Workshop Proceedings},
   volume = 48,
   editor = {{Merkle}, F.},
    month = jan,
    pages = {273},
   adsurl = {http://adsabs.harvard.edu/abs/1994ESOC...48..273G},
  adsnote = {Provided by the SAO/NASA Astrophysics Data System}
}

@INPROCEEDINGS{1993obdi.conf..191R,
   author = {{Rees}, N.},
    title = "{Experience with Frame Grabbers and TV Acquisition Images at UKIRT}",
booktitle = {Proceedings of a Workshop on Remote Observing},
     year = 1993,
   editor = {{Emerson}, D.~T. and {Clowes}, R.~G.},
    pages = {191},
   adsurl = {http://adsabs.harvard.edu/abs/1993obdi.conf..191R},
  adsnote = {Provided by the SAO/NASA Astrophysics Data System}
}

@INPROCEEDINGS{1990SPIE.1235..459R,
   author = {{Rees}, N.~P. and {Mackay}, C.~D. and {Disney}, M.},
    title = "{Parallel observing: how to get unlimited observing time on a large optical telescope}",
booktitle = {Society of Photo-Optical Instrumentation Engineers (SPIE) Conference Series},
     year = 1990,
   series = {Society of Photo-Optical Instrumentation Engineers (SPIE) Conference Series},
   volume = 1235,
   editor = {{Crawford}, D.~L.},
    month = jul,
    pages = {459-465},
   adsurl = {http://adsabs.harvard.edu/abs/1990SPIE.1235..459R},
  adsnote = {Provided by the SAO/NASA Astrophysics Data System}
}

@ARTICLE{1990MNRAS.244..233R,
   author = {{Rees}, N.},
    title = "{A deep 38-MHz radio survey of the area delta greater than + 60 degrees}",
  journal = {\mnras},
 keywords = {RADIO SOURCES (ASTRONOMY), SKY SURVEYS (ASTRONOMY), CALIBRATING, ERROR ANALYSIS, RADIO EMISSION, RADIO TELESCOPES},
     year = 1990,
    month = may,
   volume = 244,
    pages = {233-246},
   adsurl = {http://adsabs.harvard.edu/abs/1990MNRAS.244..233R},
  adsnote = {Provided by the SAO/NASA Astrophysics Data System}
}

@ARTICLE{1990MNRAS.243..637R,
   author = {{Rees}, N.},
    title = "{Comments on the absolute flux density scale at low radio frequencies}",
  journal = {\mnras},
 keywords = {FLUX DENSITY, LOW FREQUENCIES, RADIO ASTRONOMY, RADIO FREQUENCIES, SKY SURVEYS (ASTRONOMY), STELLAR SPECTRA},
     year = 1990,
    month = apr,
   volume = 243,
    pages = {637-639},
   adsurl = {http://adsabs.harvard.edu/abs/1990MNRAS.243..637R},
  adsnote = {Provided by the SAO/NASA Astrophysics Data System}
}

@INPROCEEDINGS{1990LNP...362..204R,
   author = {{Rees}, N.},
    title = "{The new Cambridge 38 MHz radio survey-1 steradian at 4 arcmin resolution and sub-Jansky sensitivity}",
 keywords = {LOW FREQUENCIES, RADIO ASTRONOMY, RADIO TELESCOPES, SKY SURVEYS (ASTRONOMY), ASTRONOMICAL MAPS, IMAGE RESOLUTION, SPACE SURVEILLANCE (GROUND BASED), VERY LONG BASE INTERFEROMETRY},
booktitle = {Low Frequency Astrophysics from Space},
     year = 1990,
   series = {Lecture Notes in Physics, Berlin Springer Verlag},
   volume = 362,
   editor = {{Kassim}, N.~E. and {Weiler}, K.~W.},
    pages = {204-213},
      doi = {10.1007/3-540-52891-1_125},
   adsurl = {http://adsabs.harvard.edu/abs/1990LNP...362..204R},
  adsnote = {Provided by the SAO/NASA Astrophysics Data System}
}
